<?xml version="1.0" encoding="UTF-8"?><collection xmlns="http://www.loc.gov/MARC21/slim"><record><leader>00424nam--2200133-i-4500</leader><controlfield tag="001">000034526</controlfield><controlfield tag="002">20161230</controlfield><controlfield tag="005">20170123164916</controlfield><controlfield tag="008">060222s1000------------r-----000-0-eng-d</controlfield><datafield ind1=" " ind2=" " tag="245"><subfield code="a">Neutron physics and nuclear data in science and technology. Vol.1. Nuclear fission and neutron-induced fission cross-sections</subfield></datafield><datafield ind1=" " ind2=" " tag="260"><subfield code="a">Oxford</subfield><subfield code="b">Pergamon Press</subfield><subfield code="c">1981</subfield></datafield><datafield ind1=" " ind2=" " tag="700"><subfield code="a">James, G. D</subfield></datafield><datafield ind1=" " ind2=" " tag="852"><subfield code="a">70776</subfield></datafield><datafield ind1=" " ind2=" " tag="CAT"><subfield code="a">SYS</subfield><subfield code="c">20170123</subfield><subfield code="h">164916</subfield></datafield></record></collection>